
 @article{Hewitt:1973vp,
author = {Hewitt, Carl and Bishop, Peter and Steiger, Richard},
title = {{A Universal Modular ACTOR Formalism for Artificial Intelligence.}},
journal = {IJCAI},
year = {1973},
pages = {235--245}
}

@INPROCEEDINGS{Fox99harvest,
    author = {Armando Fox and Eric A. Brewer},
    title = {Harvest, Yield, and Scalable Tolerant Systems},
    booktitle = {In HotOS-VII},
    year = {1999},
    publisher = {Society Press}
}

@article{Brewer:2012ba,
author = {Brewer, E},
title = {{CAP twelve years later: How the "rules" have changed}},
journal = {Computer},
year = {2012},
volume = {45},
number = {2},
pages = {23--29}
}

